<?xml version="1.0" encoding="UTF-8"?><record xmlns="http://www.loc.gov/MARC21/slim" xmlns:cinclude="http://apache.org/cocoon/include/1.0" xmlns:zs="http://www.loc.gov/zing/srw/">
  <leader>00939cz  a2200205n  4500</leader>
  <controlfield tag="001">n  92067303 </controlfield>
  <controlfield tag="003">DLC</controlfield>
  <controlfield tag="005">20130316090712.0</controlfield>
  <controlfield tag="008">920630n| azannaab           |a aaa      </controlfield>
  <datafield tag="010" ind1=" " ind2=" ">
    <subfield code="a">n  92067303 </subfield>
  </datafield>
  <datafield tag="040" ind1=" " ind2=" ">
    <subfield code="a">DLC</subfield>
    <subfield code="b">eng</subfield>
    <subfield code="e">rda</subfield>
    <subfield code="c">DLC</subfield>
    <subfield code="d">DLC</subfield>
  </datafield>
  <datafield tag="046" ind1=" " ind2=" ">
    <subfield code="f">1888</subfield>
    <subfield code="g">1960~</subfield>
    <subfield code="2">edtf</subfield>
  </datafield>
  <datafield tag="100" ind1="1" ind2=" ">
    <subfield code="a">Lʹvov, Lolliĭ Ivanovich,</subfield>
    <subfield code="d">1888-approximately 1960</subfield>
  </datafield>
  <datafield tag="400" ind1="1" ind2=" ">
    <subfield code="a">Lʹvov, Loliĭ Ivanovich,</subfield>
    <subfield code="d">1888-1960</subfield>
  </datafield>
  <datafield tag="400" ind1="1" ind2=" ">
    <subfield code="w">nnaa</subfield>
    <subfield code="a">Lʹvov, Lolliĭ</subfield>
  </datafield>
  <datafield tag="400" ind1="1" ind2=" ">
    <subfield code="w">nnea</subfield>
    <subfield code="a">Lʹvov, Lolliĭ Ivanovich,</subfield>
    <subfield code="d">1888-ca. 1960</subfield>
  </datafield>
  <datafield tag="670" ind1=" " ind2=" ">
    <subfield code="a">NUCMC data from Columbia Univ. Libraries, Bakhmeteff Archives (New York, N.Y.) for Lʹvov, L.I. Papers, ca. 1934-1942</subfield>
    <subfield code="b">(Lʹvov, Loliĭ Ivanovich, 1881-ca. 1960; writer)</subfield>
  </datafield>
  <datafield tag="670" ind1=" " ind2=" ">
    <subfield code="a">LC manual cat.</subfield>
    <subfield code="b">(hdg.: Lʹvov, Lolliĭ)</subfield>
  </datafield>
  <datafield tag="670" ind1=" " ind2=" ">
    <subfield code="a">Foster, L.A. Bibl. of Russ. emigre lit., 1918-1968, 1970:</subfield>
    <subfield code="b">v. 2, p. 721, etc. (Lʹvov, Lolliĭ Ivanovich, b. 1888)</subfield>
  </datafield>
  <datafield tag="675" ind1=" " ind2=" ">
    <subfield code="a">Bolʹsh. sov. ėnt︠s︡ikl., 3rd ed.;</subfield>
    <subfield code="a">Masanov, I.F. Slov. psevd.</subfield>
  </datafield>
</record>